@article{devictor_differences_2012,
	title = {Differences in the climatic debts of birds and butterflies at a continental scale},
	volume = {2},
	issn = {1758-678X},
	url = {https://research.wur.nl/en/publications/differences-in-the-climatic-debts-of-birds-and-butterflies-at-a-c},
	doi = {10.1038/NCLIMATE1347},
	language = {English},
	urldate = {2025-04-21},
	journal = {Nature Climate Change},
	author = {Devictor, V. and Swaay, C. van and Brereton, T. and Brotons, L. and Chamberlain, D. and Heliölä, J. and Herrando, S. and Julliard, R. and Kuussaari, M. and Lindström, A. and Reif, J. and Roy, D. B. and Schweiger, O. and Settele, J. and Stefanescu, C. and Strien, A. van and Turnhout, C. van and Vermouzek, Z. and Vries, M. F. Wallis de and Wynhoff, I. and Jiguet, F.},
	year = {2012},
	note = {Publisher: Nature},
	pages = {121--124},
	file = {Devictor et al. - 2012 - Differences in the climatic debts of birds and but.pdf:files/1979/Devictor et al. - 2012 - Differences in the climatic debts of birds and but.pdf:application/pdf;Snapshot:files/1978/differences-in-the-climatic-debts-of-birds-and-butterflies-at-a-c.html:text/html},
}

@article{parmesan_poleward_1999,
	title = {Poleward shifts in geographical ranges of butterfly species associated with regional warming},
	volume = {399},
	copyright = {http://www.springer.com/tdm},
	issn = {0028-0836, 1476-4687},
	url = {https://www.nature.com/articles/21181},
	doi = {10.1038/21181},
	language = {en},
	number = {6736},
	urldate = {2025-04-21},
	journal = {Nature},
	author = {Parmesan, Camille and Ryrholm, Nils and Stefanescu, Constantí and Hill, Jane K. and Thomas, Chris D. and Descimon, Henri and Huntley, Brian and Kaila, Lauri and Kullberg, Jaakko and Tammaru, Toomas and Tennent, W. John and Thomas, Jeremy A. and Warren, Martin},
	month = jun,
	year = {1999},
	pages = {579--583},
	file = {Parmesan et al. - 1999 - Poleward shifts in geographical ranges of butterfl.pdf:files/1964/Parmesan et al. - 1999 - Poleward shifts in geographical ranges of butterfl.pdf:application/pdf},
}


